@article{Chen:1992:OMR:138628.138633,
	author = {Chen, Yang and Medioni, G{\'e}rard},
	title = {Object Modelling by Registration of Multiple Range Images},
	journal = {Image Vision Comput.},
	issue_date = {April 1992},
	volume = {10},
	number = {3},
	month = apr,
	year = {1992},
	issn = {0262-8856},
	pages = {145--155},
	numpages = {11},
	url = {http://dx.doi.org/10.1016/0262-8856(92)90066-C},
	doi = {10.1016/0262-8856(92)90066-C},
	acmid = {138633},
	publisher = {Butterworth-Heinemann},
	address = {Newton, MA, USA},
	keywords = {3D surface registration, object modelling, range image registration},
} 

