%%%%%%%%%%%%%%%%%%%%%%%%%%%%%%%%%%%%%%%%%%%%%%%%%%%%%%%%%%
%%% Chen and Medioni, RigidICP paper 				   %%%
%%% Source :: http://dl.acm.org/citation.cfm?id=138633 %%%
%%%%%%%%%%%%%%%%%%%%%%%%%%%%%%%%%%%%%%%%%%%%%%%%%%%%%%%%%%
@article{Chen:1992:OMR:138628.138633,
	author = {Chen, Yang and Medioni, G{\'e}rard},
	title = {Object Modelling by Registration of Multiple Range Images},
	journal = {Image Vision Comput.},
	issue_date = {April 1992},
	volume = {10},
	number = {3},
	month = apr,
	year = {1992},
	issn = {0262-8856},
	pages = {145--155},
	numpages = {11},
	url = {http://dx.doi.org/10.1016/0262-8856(92)90066-C},
	doi = {10.1016/0262-8856(92)90066-C},
	acmid = {138633},
	publisher = {Butterworth-Heinemann},
	address = {Newton, MA, USA},
	keywords = {3D surface registration, object modelling, range image registration},
} 

%%%%%%%%%%%%%%%%%%%%%%%%%%%%%%%%%%%%%%%%%%%%%%%%%%%%%%%%%%%
%%% Kazhdan, MCF paper 									%%%
%%% Source :: http://dl.acm.org/citation.cfm?id=2346809 %%%
%%%%%%%%%%%%%%%%%%%%%%%%%%%%%%%%%%%%%%%%%%%%%%%%%%%%%%%%%%%
@article{Kazhdan:2012:MFM:2346796.2346809,
 author = {Kazhdan, Michael and Solomon, Jake and Ben-Chen, Mirela},
 title = {Can Mean-Curvature Flow Be Modified to Be Non-singular?},
 journal = {Comput. Graph. Forum},
 issue_date = {August 2012},
 volume = {31},
 number = {5},
 month = aug,
 year = {2012},
 issn = {0167-7055},
 pages = {1745--1754},
 numpages = {10},
 url = {http://dx.doi.org/10.1111/j.1467-8659.2012.03179.x},
 doi = {10.1111/j.1467-8659.2012.03179.x},
 acmid = {2346809},
 publisher = {The Eurographs Association \&\#38; John Wiley \&\#38; Sons, Ltd.},
 address = {Chichester, UK},
 keywords = {I.3.5 [Computer Graphics]: Geometric algorithms, languages, and systems\&\#x2014;Surface Flow},
} 

%%%%%%%%%%%%%%%%%%%%%%%%%%%%%%%%%%%%%%%%%%%%%%%%%%%%%%%%%%%
%%% Turk, Zippered Polymesh paper						%%%
%%% Source :: http://dl.acm.org/citation.cfm?id=192241 %%%
%%%%%%%%%%%%%%%%%%%%%%%%%%%%%%%%%%%%%%%%%%%%%%%%%%%%%%%%%%%
@inproceedings{Turk:1994:ZPM:192161.192241,
 author = {Turk, Greg and Levoy, Marc},
 title = {Zippered Polygon Meshes from Range Images},
 booktitle = {Proceedings of the 21st Annual Conference on Computer Graphics and Interactive Techniques},
 series = {SIGGRAPH '94},
 year = {1994},
 isbn = {0-89791-667-0},
 pages = {311--318},
 numpages = {8},
 url = {http://doi.acm.org/10.1145/192161.192241},
 doi = {10.1145/192161.192241},
 acmid = {192241},
 publisher = {ACM},
 address = {New York, NY, USA},
 keywords = {polygon mesh, range images, structured light range scanner, surface fitting, surface reconstruction},
} 

%%%%%%%%%%%%%%%%%%%%%%%%%%%%%%%%%%%%%%%%%%%%%%%%%%%%%%%%%%%
%%% David Steiner, Greedy Surface Reconstruction 		%%%
%%% Source :: http://dl.acm.org/citation.cfm?id=1007777 %%%
%%%%%%%%%%%%%%%%%%%%%%%%%%%%%%%%%%%%%%%%%%%%%%%%%%%%%%%%%%%
@article{Cohen-Steiner:2004:GDS:1007776.1007777,
 author = {Cohen-Steiner, David and Da, Frank},
 title = {A Greedy Delaunay-based Surface Reconstruction Algorithm},
 journal = {Vis. Comput.},
 issue_date = {April 2004},
 volume = {20},
 number = {1},
 month = apr,
 year = {2004},
 issn = {0178-2789},
 pages = {4--16},
 numpages = {13},
 url = {http://dx.doi.org/10.1007/s00371-003-0217-z},
 doi = {10.1007/s00371-003-0217-z},
 acmid = {1007777},
 publisher = {Springer-Verlag New York, Inc.},
 address = {Secaucus, NJ, USA},
 keywords = {Advancing front method, Delaunay triangulation, Surface reconstruction},
} 

%%%%%%%%%%%%%%%%%%%%%%%%%%%%%%%%%%%%%%%%%%%%%%%%%%%%%%%%%%%
%%% Huang, Fractured Obj Geometry Matching 				%%%
%%% Source :: http://dl.acm.org/citation.cfm?id=1141925 %%%
%%%%%%%%%%%%%%%%%%%%%%%%%%%%%%%%%%%%%%%%%%%%%%%%%%%%%%%%%%%
@inproceedings{Huang:2006:RFO:1179352.1141925,
 author = {Huang, Qi-Xing and Fl\"{o}ry, Simon and Gelfand, Natasha and Hofer, Michael and Pottmann, Helmut},
 title = {Reassembling Fractured Objects by Geometric Matching},
 booktitle = {ACM SIGGRAPH 2006 Papers},
 series = {SIGGRAPH '06},
 year = {2006},
 isbn = {1-59593-364-6},
 location = {Boston, Massachusetts},
 pages = {569--578},
 numpages = {10},
 url = {http://doi.acm.org/10.1145/1179352.1141925},
 doi = {10.1145/1179352.1141925},
 acmid = {1141925},
 publisher = {ACM},
 address = {New York, NY, USA},
 keywords = {3D puzzle, feature-based registration, geometric matching, integral invariants, non-penetrating alignment},
} 

%%%%%%%%%%%%%%%%%%%%%%%%%%%%%%%%%%%%%%%%%%%%%%%%%%%%%%%%%%%
%%% Tao Jue, Topology Cross sections paper 				%%%
%%% Source :: http://dl.acm.org/citation.cfm?id=2766976 %%%
%%%%%%%%%%%%%%%%%%%%%%%%%%%%%%%%%%%%%%%%%%%%%%%%%%%%%%%%%%%
@article{Zou:2015:TSR:2809654.2766976,
 author = {Zou, Ming and Holloway, Michelle and Carr, Nathan and Ju, Tao},
 title = {Topology-constrained Surface Reconstruction from Cross-sections},
 journal = {ACM Trans. Graph.},
 issue_date = {August 2015},
 volume = {34},
 number = {4},
 month = jul,
 year = {2015},
 issn = {0730-0301},
 pages = {128:1--128:10},
 articleno = {128},
 numpages = {10},
 url = {http://doi.acm.org/10.1145/2766976},
 doi = {10.1145/2766976},
 acmid = {2766976},
 publisher = {ACM},
 address = {New York, NY, USA},
 keywords = {contour stitching, cross-section interpolation, dynamic programming, surface reconstruction, topology constraint},
} 

%%%%%%%%%%%%%%%%%%%%%%%%%%%%%%%%%%%%%%%%%%%%%%%%%%%%%%%%%%%%%%%%%%%%%%%
%%% Bajaj, Level-Set Surface Construction 							%%%
%%% Source :: http://ieeexplore.ieee.org/document/4407841/citations %%%
%%%%%%%%%%%%%%%%%%%%%%%%%%%%%%%%%%%%%%%%%%%%%%%%%%%%%%%%%%%%%%%%%%%%%%%
@INPROCEEDINGS{4407841, 
author={C. L. Bajaj and G. Xu and Q. Zhang}, 
booktitle={2007 10th IEEE International Conference on Computer-Aided Design and Computer Graphics}, 
title={Smooth Surface Constructions via a Higher-Order Level-Set Method}, 
year={2007}, 
pages={27-27}, 
keywords={biochemistry;biology computing;convolution;interpolation;molecular biophysics;partial differential equations;solvation;splines (mathematics);C2 spline;Z- transform;biomolecules;convolution;fast cubic spline interpolation algorithm;first order energy functional;geometric partial differential equation;higher-order level-set method;smooth surface constructions;solvation;Atomic measurements;Clouds;Convolution;High level synthesis;Interpolation;Level set;Partial differential equations;Solvents;Spline;Surface reconstruction}, 
doi={10.1109/CADCG.2007.4407841}, 
month={Oct},}

%%%%%%%%%%%%%%%%%%%%%%%%%%%%%%%%%%%%%%%%%%%%%%%%%%%%%%%%%%%%%%%%%%%%%%%
%%% Alec, Mixed FEM Surface Modelling								%%%
%%% Source :: http://igl.ethz.ch/projects/mixed-fem/				%%%
%%%%%%%%%%%%%%%%%%%%%%%%%%%%%%%%%%%%%%%%%%%%%%%%%%%%%%%%%%%%%%%%%%%%%%%
@article{MixedFEM:2010,
author = {Alec Jacobson and Elif Tosun and Olga Sorkine and Denis Zorin},
title = {Mixed Finite Elements for Variational Surface Modeling},
journal = {Computer Graphics Forum (proceedings of EUROGRAPHICS/ACM SIGGRAPH Symposium on Geometry Processing)},
year = {2010},
volume = {29},
number = {5},
pages = {1565--1574},
}	

%%%%%%%%%%%%%%%%%%%%%%%%%%%%%%%%%%%%%%%%%%%%%%%%%%%%%%%%%%%
%%% Aiger, 4PCS											%%%
%%% Source :: http://dl.acm.org/citation.cfm?id=1360684	%%%
%%%%%%%%%%%%%%%%%%%%%%%%%%%%%%%%%%%%%%%%%%%%%%%%%%%%%%%%%%%
@inproceedings{Aiger:2008:CSR:1399504.1360684,
 author = {Aiger, Dror and Mitra, Niloy J. and Cohen-Or, Daniel},
 title = {4pointss Congruent Sets for Robust Pairwise Surface Registration},
 booktitle = {ACM SIGGRAPH 2008 Papers},
 series = {SIGGRAPH '08},
 year = {2008},
 isbn = {978-1-4503-0112-1},
 location = {Los Angeles, California},
 pages = {85:1--85:10},
 articleno = {85},
 numpages = {10},
 url = {http://doi.acm.org/10.1145/1399504.1360684},
 doi = {10.1145/1399504.1360684},
 acmid = {1360684},
 publisher = {ACM},
 address = {New York, NY, USA},
 keywords = {affine invariant ratio, computational geometry, largest common pointset (LCP) measure, pairwise surface registration, partial shape matching, scan alignment},
} 

%%%%%%%%%%%%%%%%%%%%%%%%%%%%%%%%%%%%%%%%%%%%%%%%%%%%%%%%%%%%%%%%%%%%%%%%%%%%%%%%%%%%%
%%% Levoy, ICP Variants															  %%%
%%% Source :: http://gfx.cs.princeton.edu/gfx/pubs/Rusinkiewicz_2001_EVO/index.php %%%
%%%%%%%%%%%%%%%%%%%%%%%%%%%%%%%%%%%%%%%%%%%%%%%%%%%%%%%%%%%%%%%%%%%%%%%%%%%%%%%%%%%%%
@inproceedings{Rusinkiewicz:2001:EVO,
  author = "Szymon Rusinkiewicz and Marc Levoy",
  title = "Efficient Variants of the {ICP} Algorithm",
  booktitle = "Third International Conference on 3D Digital Imaging and
    Modeling (3DIM)",
  year = "2001",
  month = jun
}

%%%%%%%%%%%%%%%%%%%%%%%%%%%%%%%%%%%%%%%%%%%%%%%%%%%%%%%%%%%%%%
%%% Willis and Cooper, the Pot Paper 					   %%%
%%% Source :: http://ieeexplore.ieee.org/document/1333714/ %%%
%%%%%%%%%%%%%%%%%%%%%%%%%%%%%%%%%%%%%%%%%%%%%%%%%%%%%%%%%%%%%%
@INPROCEEDINGS{1333714, 
author={A. Willis and D. B. Cooper}, 
booktitle={Proceedings of the 17th International Conference on Pattern Recognition, 2004. ICPR 2004.}, 
title={Alignment of multiple non-overlapping axially symmetric 3D datasets}, 
year={2004}, 
volume={4}, 
pages={96-99 Vol.4}, 
keywords={computational geometry;maximum likelihood estimation;stochastic processes;Euclidean transformation;a-priori unknown surface;archaeological pots reconstruction;axially-symmetric surface;break-curve estimation;dataset alignment;global pot geometry;maximum likelihood estimation;multiple nonoverlapping axially symmetric 3D dataset;parameter estimation;stochastic method;Data engineering;Data mining;Geometry;Maximum likelihood estimation;Parameter estimation;Position measurement;Robustness;Search problems;Stochastic processes;Surface reconstruction}, 
doi={10.1109/ICPR.2004.1333714}, 
ISSN={1051-4651}, 
month={Aug},}

%%%%%%%%%%%%%%%%%%%%%%%%%%%%%%%%%%%%%%%%%%%%%%%%%%%%%%%%%%%%%%
%%% Brandao JASNOM					 					   %%%
%%% Source :: http://ieeexplore.ieee.org/document/7294872/ %%%
%%%%%%%%%%%%%%%%%%%%%%%%%%%%%%%%%%%%%%%%%%%%%%%%%%%%%%%%%%%%%%
@INPROCEEDINGS{7294872, 
author={S. Brand√£o and J. P. Costeira and M. Veloso}, 
booktitle={2014 International Conference on Computer Vision Theory and Applications (VISAPP)}, 
title={Effortless scanning of 3D object models by boundary aligning and stitching}, 
year={2014}, 
volume={1}, 
pages={667-674}, 
keywords={Cameras;Cost function;Image edge detection;Search problems;Solid modeling;Three-dimensional displays;3D Object Modeling}, 
month={Jan},}
